@Manual{CASdatasets,
  title = {CASdatasets: Insurance datasets},
  author = {Christophe Dutang and Arthur Charpentier},
  year = {2019},
  note = {R package version 1.0-10},
  series = {R package version 1.0-10},
  url = {http://cas.uqam.ca/}
}

@Manual{glmnet.intro,
    title = {An Introduction to glmnet},
    author = {Trevor Hastie and Junyang Qian},
    year = {2016},
    pages = {20-23},
    url = {https://cran.r-project.org/web/packages/glmnet/vignettes/glmnet.pdf}
}

@Manual{Caret,
    title = {caret: Classification and Regression Training},
    author = {Max Kuhn},
    year = {2020},
    series = {R package version 6.0-86},
    url = {https://CRAN.R-project.org/package=caret},
  }


@Manual{VisualisationPretraitement,
  author        = {Marie-Pier Côté},
  title         = {ACT-3114 - Visualisation et prétraitement},
  year          = {2020},
  howpublished = {Recueil inédit},
  publisher={Université Laval}
}

@Manual{TraitementDonnesManquantes,
  author        = {Marie-Pier Côté},
  title         = {ACT-3114 - Traitement des données manquantes},
  year          = {2020},
  howpublished = {Recueil inédit},
  publisher={Université Laval}
}

@Manual{AnalyseComposantesPrincipales,
  author        = {Marie-Pier Côté},
  title         = {ACT-3114 - Analyse en composantes principales},
  year          = {2020},
  howpublished = {Recueil inédit},
  publisher={Université Laval}
}

@Manual{ClassificationNonSupervisée,
  author        = {Marie-Pier Côté},
  title         = {ACT-3114 - Classification non-supervisée},
  year          = {2020},
  howpublished = {Recueil inédit},
  publisher={Université Laval}
}

@Manual{IntroAppSupervise,
  author        = {Marie-Pier Côté},
  title         = {ACT-3114 - Introduction à l'apprentissage supervisé},
  year          = {2020},
  howpublished = {Recueil inédit},
  publisher={Université Laval}
}

@Manual{Arbre,
  author        = {Marie-Pier Côté},
  title         = {ACT-3114 - Arbres de classification et de régrssion},
  year          = {2020},
  howpublished = {Recueil inédit},
  publisher={Université Laval}
}

@Manual{baggingEtForet,
  author        = {Marie-Pier Côté},
  title         = {ACT-3114 - Bagging et forêts aléatoires},
  year          = {2020},
  howpublished = {Recueil inédit},
  publisher={Université Laval}
}

@Manual{Boosting,
  author        = {Marie-Pier Côté},
  title         = {ACT-3114 - Boosting, AdaBoost et boosting de gradient stochastique},
  year          = {2020},
  howpublished = {Recueil inédit},
  publisher={Université Laval}
}

@Manual{Communication,
  author        = {Marie-Pier Côté},
  title         = {ACT-3114 - Communication et interprétation},
  year          = {2020},
  howpublished = {Recueil inédit},
  publisher={Université Laval}
}
